@ARTICLE {toland2013,
    author  = "Bill Toland",
    title   = "No-shows Cost Health Care System Billions",
    journal = "Pittsburgh Post-Gazette",
    year    = "2013",
    month   = "February"
}

@misc{krueger2009,
  author = {Alan B. Krueger},
  title = {{A Hidden Cost of Health Care: Patient Time}},
  howpublished = {Website},
  year = {2009 (accessed May 3, 2015)}, 
  month = {February},
  note = "\url{http://economix.blogs.nytimes.com/2009/02/09/a-hidden-cost-of-health-care-patient-time/}"
}

@article{huang2012,
  title={Dynamic overbooking scheduling system to improve patient access},
  author={Huang, Y and Zuniga, P},
  journal={Journal of the Operational Research Society},
  volume={63},
  number={6},
  pages={810--820},
  year={2012},
  publisher={Nature Publishing Group}
}

@article{kaandorp2007,
  title={Optimal outpatient appointment scheduling},
  author={Kaandorp, Guido C and Koole, Ger},
  journal={Health Care Management Science},
  volume={10},
  number={3},
  pages={217--229},
  year={2007},
  publisher={Springer}
}

@article{koeleman2012,
  title={Optimal outpatient appointment scheduling with emergency arrivals and general service times},
  author={Koeleman, Paulien M and Koole, Ger M},
  journal={IIE Transactions on Healthcare Systems Engineering},
  volume={2},
  number={1},
  pages={14--30},
  year={2012},
  publisher={Taylor \& Francis}
}

@article{welch1952,
  title={Appointment systems in hospital outpatient departments},
  author={Welch, JD and Bailey, NormanT J},
  journal={The Lancet},
  volume={259},
  number={6718},
  pages={1105--1108},
  year={1952},
  publisher={Elsevier}
}
